@misc{arzty,
  author       = {Dlf Kultur},
  title        = {{Entgendern nach Hermes Phettberg: Bis das Arzty kommt!}},
  howpublished = {\url{https://www.deutschlandfunkkultur.de/entgendern-nach-hermes-phettberg-bis-das-arzty-kommt-100.html}},
  year         = {2021},
  note         = {Online, Zugriff 11.12.2021}
}